%YAML 1.1
%TAG !u! tag:unity3d.com,2011:
--- !u!1 &2274993108643353863
GameObject:
  m_ObjectHideFlags: 0
  m_CorrespondingSourceObject: {fileID: 0}
  m_PrefabInstance: {fileID: 0}
  m_PrefabAsset: {fileID: 0}
  serializedVersion: 6
  m_Component:
  - component: {fileID: 8562593483134961111}
  - component: {fileID: 790988935362742859}
  m_Layer: 0
  m_Name: Navmesh
  m_TagString: Untagged
  m_Icon: {fileID: 0}
  m_NavMeshLayer: 0
  m_StaticEditorFlags: 0
  m_IsActive: 1
--- !u!4 &8562593483134961111
Transform:
  m_ObjectHideFlags: 0
  m_CorrespondingSourceObject: {fileID: 0}
  m_PrefabInstance: {fileID: 0}
  m_PrefabAsset: {fileID: 0}
  m_GameObject: {fileID: 2274993108643353863}
  m_LocalRotation: {x: -0, y: -0, z: -0, w: 1}
  m_LocalPosition: {x: 0, y: 0, z: 0}
  m_LocalScale: {x: 1, y: 1, z: 1}
  m_Children: []
  m_Father: {fileID: 4134880262948325010}
  m_RootOrder: 0
  m_LocalEulerAnglesHint: {x: 0, y: 0, z: 0}
--- !u!114 &790988935362742859
MonoBehaviour:
  m_ObjectHideFlags: 0
  m_CorrespondingSourceObject: {fileID: 0}
  m_PrefabInstance: {fileID: 0}
  m_PrefabAsset: {fileID: 0}
  m_GameObject: {fileID: 2274993108643353863}
  m_Enabled: 1
  m_EditorHideFlags: 0
  m_Script: {fileID: 11500000, guid: 7a5ac11cc976e418e8d13136b07e1f52, type: 3}
  m_Name: 
  m_EditorClassIdentifier: 
  m_AgentTypeID: 0
  m_CollectObjects: 0
  m_Size: {x: 10, y: 10, z: 10}
  m_Center: {x: 0, y: 2, z: 0}
  m_LayerMask:
    serializedVersion: 2
    m_Bits: 4294967295
  m_UseGeometry: 0
  m_DefaultArea: 0
  m_IgnoreNavMeshAgent: 1
  m_IgnoreNavMeshObstacle: 1
  m_OverrideTileSize: 0
  m_TileSize: 256
  m_OverrideVoxelSize: 0
  m_VoxelSize: 0.016666668
  m_BuildHeightMesh: 0
  m_NavMeshData: {fileID: 0}
--- !u!1 &4134880262948325022
GameObject:
  m_ObjectHideFlags: 0
  m_CorrespondingSourceObject: {fileID: 0}
  m_PrefabInstance: {fileID: 0}
  m_PrefabAsset: {fileID: 0}
  serializedVersion: 6
  m_Component:
  - component: {fileID: 4134880262948325010}
  - component: {fileID: 4134880262948325011}
  - component: {fileID: 4134880262948325008}
  - component: {fileID: 4134880262948325009}
  - component: {fileID: 6488052208111320646}
  m_Layer: 0
  m_Name: BlockedRight1
  m_TagString: Untagged
  m_Icon: {fileID: 0}
  m_NavMeshLayer: 0
  m_StaticEditorFlags: 0
  m_IsActive: 1
--- !u!4 &4134880262948325010
Transform:
  m_ObjectHideFlags: 0
  m_CorrespondingSourceObject: {fileID: 0}
  m_PrefabInstance: {fileID: 0}
  m_PrefabAsset: {fileID: 0}
  m_GameObject: {fileID: 4134880262948325022}
  m_LocalRotation: {x: 0, y: 0, z: 0, w: 1}
  m_LocalPosition: {x: 5.07, y: 0.51, z: 4.71}
  m_LocalScale: {x: 1, y: 1, z: 1}
  m_Children:
  - {fileID: 8562593483134961111}
  - {fileID: 7730194353111507749}
  - {fileID: 9134033120076820331}
  - {fileID: 2516087790430902134}
  - {fileID: 2261275048760532709}
  m_Father: {fileID: 0}
  m_RootOrder: 0
  m_LocalEulerAnglesHint: {x: 0, y: 0, z: 0}
--- !u!33 &4134880262948325011
MeshFilter:
  m_ObjectHideFlags: 0
  m_CorrespondingSourceObject: {fileID: 0}
  m_PrefabInstance: {fileID: 0}
  m_PrefabAsset: {fileID: 0}
  m_GameObject: {fileID: 4134880262948325022}
  m_Mesh: {fileID: 10209, guid: 0000000000000000e000000000000000, type: 0}
--- !u!23 &4134880262948325008
MeshRenderer:
  m_ObjectHideFlags: 0
  m_CorrespondingSourceObject: {fileID: 0}
  m_PrefabInstance: {fileID: 0}
  m_PrefabAsset: {fileID: 0}
  m_GameObject: {fileID: 4134880262948325022}
  m_Enabled: 1
  m_CastShadows: 1
  m_ReceiveShadows: 1
  m_DynamicOccludee: 1
  m_MotionVectors: 1
  m_LightProbeUsage: 1
  m_ReflectionProbeUsage: 1
  m_RenderingLayerMask: 1
  m_RendererPriority: 0
  m_Materials:
  - {fileID: 2100000, guid: 732857930f1bb468cb0c34cbe8829eb0, type: 2}
  m_StaticBatchInfo:
    firstSubMesh: 0
    subMeshCount: 0
  m_StaticBatchRoot: {fileID: 0}
  m_ProbeAnchor: {fileID: 0}
  m_LightProbeVolumeOverride: {fileID: 0}
  m_ScaleInLightmap: 1
  m_PreserveUVs: 0
  m_IgnoreNormalsForChartDetection: 0
  m_ImportantGI: 0
  m_StitchLightmapSeams: 1
  m_SelectedEditorRenderState: 3
  m_MinimumChartSize: 4
  m_AutoUVMaxDistance: 0.5
  m_AutoUVMaxAngle: 89
  m_LightmapParameters: {fileID: 0}
  m_SortingLayerID: 0
  m_SortingLayer: 0
  m_SortingOrder: 0
--- !u!64 &4134880262948325009
MeshCollider:
  m_ObjectHideFlags: 0
  m_CorrespondingSourceObject: {fileID: 0}
  m_PrefabInstance: {fileID: 0}
  m_PrefabAsset: {fileID: 0}
  m_GameObject: {fileID: 4134880262948325022}
  m_Material: {fileID: 0}
  m_IsTrigger: 0
  m_Enabled: 1
  serializedVersion: 3
  m_Convex: 0
  m_CookingOptions: 14
  m_Mesh: {fileID: 10209, guid: 0000000000000000e000000000000000, type: 0}
--- !u!114 &6488052208111320646
MonoBehaviour:
  m_ObjectHideFlags: 0
  m_CorrespondingSourceObject: {fileID: 0}
  m_PrefabInstance: {fileID: 0}
  m_PrefabAsset: {fileID: 0}
  m_GameObject: {fileID: 4134880262948325022}
  m_Enabled: 1
  m_EditorHideFlags: 0
  m_Script: {fileID: 11500000, guid: 1efa6b726ec8249ecb7254b6b71bc292, type: 3}
  m_Name: 
  m_EditorClassIdentifier: 
  surface: {fileID: 790988935362742859}
  type: 1
  compatibleChunks: []
--- !u!1001 &3331993023443142719
PrefabInstance:
  m_ObjectHideFlags: 0
  serializedVersion: 2
  m_Modification:
    m_TransformParent: {fileID: 4134880262948325010}
    m_Modifications:
    - target: {fileID: -4216859302048453862, guid: 2499b7ecfd4434dbf809cffad3327265,
        type: 3}
      propertyPath: m_LocalPosition.x
      value: 3.9
      objectReference: {fileID: 0}
    - target: {fileID: -4216859302048453862, guid: 2499b7ecfd4434dbf809cffad3327265,
        type: 3}
      propertyPath: m_LocalPosition.y
      value: 0
      objectReference: {fileID: 0}
    - target: {fileID: -4216859302048453862, guid: 2499b7ecfd4434dbf809cffad3327265,
        type: 3}
      propertyPath: m_LocalPosition.z
      value: 3.534
      objectReference: {fileID: 0}
    - target: {fileID: -4216859302048453862, guid: 2499b7ecfd4434dbf809cffad3327265,
        type: 3}
      propertyPath: m_LocalRotation.x
      value: -0
      objectReference: {fileID: 0}
    - target: {fileID: -4216859302048453862, guid: 2499b7ecfd4434dbf809cffad3327265,
        type: 3}
      propertyPath: m_LocalRotation.y
      value: -0
      objectReference: {fileID: 0}
    - target: {fileID: -4216859302048453862, guid: 2499b7ecfd4434dbf809cffad3327265,
        type: 3}
      propertyPath: m_LocalRotation.z
      value: -0
      objectReference: {fileID: 0}
    - target: {fileID: -4216859302048453862, guid: 2499b7ecfd4434dbf809cffad3327265,
        type: 3}
      propertyPath: m_LocalRotation.w
      value: 1
      objectReference: {fileID: 0}
    - target: {fileID: -4216859302048453862, guid: 2499b7ecfd4434dbf809cffad3327265,
        type: 3}
      propertyPath: m_RootOrder
      value: 1
      objectReference: {fileID: 0}
    - target: {fileID: -4216859302048453862, guid: 2499b7ecfd4434dbf809cffad3327265,
        type: 3}
      propertyPath: m_LocalEulerAnglesHint.x
      value: 0
      objectReference: {fileID: 0}
    - target: {fileID: -4216859302048453862, guid: 2499b7ecfd4434dbf809cffad3327265,
        type: 3}
      propertyPath: m_LocalEulerAnglesHint.y
      value: 0
      objectReference: {fileID: 0}
    - target: {fileID: -4216859302048453862, guid: 2499b7ecfd4434dbf809cffad3327265,
        type: 3}
      propertyPath: m_LocalEulerAnglesHint.z
      value: 0
      objectReference: {fileID: 0}
    - target: {fileID: -927199367670048503, guid: 2499b7ecfd4434dbf809cffad3327265,
        type: 3}
      propertyPath: m_Name
      value: CreepyTree_SM
      objectReference: {fileID: 0}
    m_RemovedComponents: []
  m_SourcePrefab: {fileID: 100100000, guid: 2499b7ecfd4434dbf809cffad3327265, type: 3}
--- !u!4 &7730194353111507749 stripped
Transform:
  m_CorrespondingSourceObject: {fileID: -4216859302048453862, guid: 2499b7ecfd4434dbf809cffad3327265,
    type: 3}
  m_PrefabInstance: {fileID: 3331993023443142719}
  m_PrefabAsset: {fileID: 0}
--- !u!1001 &4303240519725433969
PrefabInstance:
  m_ObjectHideFlags: 0
  serializedVersion: 2
  m_Modification:
    m_TransformParent: {fileID: 4134880262948325010}
    m_Modifications:
    - target: {fileID: -4216859302048453862, guid: 23c091b5f82784848920e1669872736a,
        type: 3}
      propertyPath: m_LocalPosition.x
      value: 4.164
      objectReference: {fileID: 0}
    - target: {fileID: -4216859302048453862, guid: 23c091b5f82784848920e1669872736a,
        type: 3}
      propertyPath: m_LocalPosition.y
      value: -0
      objectReference: {fileID: 0}
    - target: {fileID: -4216859302048453862, guid: 23c091b5f82784848920e1669872736a,
        type: 3}
      propertyPath: m_LocalPosition.z
      value: -3.302
      objectReference: {fileID: 0}
    - target: {fileID: -4216859302048453862, guid: 23c091b5f82784848920e1669872736a,
        type: 3}
      propertyPath: m_LocalRotation.x
      value: -0
      objectReference: {fileID: 0}
    - target: {fileID: -4216859302048453862, guid: 23c091b5f82784848920e1669872736a,
        type: 3}
      propertyPath: m_LocalRotation.y
      value: -0
      objectReference: {fileID: 0}
    - target: {fileID: -4216859302048453862, guid: 23c091b5f82784848920e1669872736a,
        type: 3}
      propertyPath: m_LocalRotation.z
      value: -0
      objectReference: {fileID: 0}
    - target: {fileID: -4216859302048453862, guid: 23c091b5f82784848920e1669872736a,
        type: 3}
      propertyPath: m_LocalRotation.w
      value: 1
      objectReference: {fileID: 0}
    - target: {fileID: -4216859302048453862, guid: 23c091b5f82784848920e1669872736a,
        type: 3}
      propertyPath: m_RootOrder
      value: 2
      objectReference: {fileID: 0}
    - target: {fileID: -4216859302048453862, guid: 23c091b5f82784848920e1669872736a,
        type: 3}
      propertyPath: m_LocalEulerAnglesHint.x
      value: 0
      objectReference: {fileID: 0}
    - target: {fileID: -4216859302048453862, guid: 23c091b5f82784848920e1669872736a,
        type: 3}
      propertyPath: m_LocalEulerAnglesHint.y
      value: 0
      objectReference: {fileID: 0}
    - target: {fileID: -4216859302048453862, guid: 23c091b5f82784848920e1669872736a,
        type: 3}
      propertyPath: m_LocalEulerAnglesHint.z
      value: 0
      objectReference: {fileID: 0}
    - target: {fileID: -4216859302048453862, guid: 23c091b5f82784848920e1669872736a,
        type: 3}
      propertyPath: m_LocalScale.x
      value: 827.40137
      objectReference: {fileID: 0}
    - target: {fileID: -4216859302048453862, guid: 23c091b5f82784848920e1669872736a,
        type: 3}
      propertyPath: m_LocalScale.y
      value: 827.40137
      objectReference: {fileID: 0}
    - target: {fileID: -4216859302048453862, guid: 23c091b5f82784848920e1669872736a,
        type: 3}
      propertyPath: m_LocalScale.z
      value: 827.40137
      objectReference: {fileID: 0}
    - target: {fileID: -927199367670048503, guid: 23c091b5f82784848920e1669872736a,
        type: 3}
      propertyPath: m_Name
      value: RockC_SM
      objectReference: {fileID: 0}
    m_RemovedComponents: []
  m_SourcePrefab: {fileID: 100100000, guid: 23c091b5f82784848920e1669872736a, type: 3}
--- !u!4 &9134033120076820331 stripped
Transform:
  m_CorrespondingSourceObject: {fileID: -4216859302048453862, guid: 23c091b5f82784848920e1669872736a,
    type: 3}
  m_PrefabInstance: {fileID: 4303240519725433969}
  m_PrefabAsset: {fileID: 0}
--- !u!1001 &6492815601328387583
PrefabInstance:
  m_ObjectHideFlags: 0
  serializedVersion: 2
  m_Modification:
    m_TransformParent: {fileID: 4134880262948325010}
    m_Modifications:
    - target: {fileID: -4216859302048453862, guid: 23c091b5f82784848920e1669872736a,
        type: 3}
      propertyPath: m_LocalPosition.x
      value: 4.164
      objectReference: {fileID: 0}
    - target: {fileID: -4216859302048453862, guid: 23c091b5f82784848920e1669872736a,
        type: 3}
      propertyPath: m_LocalPosition.y
      value: 0
      objectReference: {fileID: 0}
    - target: {fileID: -4216859302048453862, guid: 23c091b5f82784848920e1669872736a,
        type: 3}
      propertyPath: m_LocalPosition.z
      value: 1.04
      objectReference: {fileID: 0}
    - target: {fileID: -4216859302048453862, guid: 23c091b5f82784848920e1669872736a,
        type: 3}
      propertyPath: m_LocalRotation.x
      value: -0
      objectReference: {fileID: 0}
    - target: {fileID: -4216859302048453862, guid: 23c091b5f82784848920e1669872736a,
        type: 3}
      propertyPath: m_LocalRotation.y
      value: -0
      objectReference: {fileID: 0}
    - target: {fileID: -4216859302048453862, guid: 23c091b5f82784848920e1669872736a,
        type: 3}
      propertyPath: m_LocalRotation.z
      value: -0
      objectReference: {fileID: 0}
    - target: {fileID: -4216859302048453862, guid: 23c091b5f82784848920e1669872736a,
        type: 3}
      propertyPath: m_LocalRotation.w
      value: 1
      objectReference: {fileID: 0}
    - target: {fileID: -4216859302048453862, guid: 23c091b5f82784848920e1669872736a,
        type: 3}
      propertyPath: m_RootOrder
      value: 4
      objectReference: {fileID: 0}
    - target: {fileID: -4216859302048453862, guid: 23c091b5f82784848920e1669872736a,
        type: 3}
      propertyPath: m_LocalEulerAnglesHint.x
      value: 0
      objectReference: {fileID: 0}
    - target: {fileID: -4216859302048453862, guid: 23c091b5f82784848920e1669872736a,
        type: 3}
      propertyPath: m_LocalEulerAnglesHint.y
      value: 0
      objectReference: {fileID: 0}
    - target: {fileID: -4216859302048453862, guid: 23c091b5f82784848920e1669872736a,
        type: 3}
      propertyPath: m_LocalEulerAnglesHint.z
      value: 0
      objectReference: {fileID: 0}
    - target: {fileID: -4216859302048453862, guid: 23c091b5f82784848920e1669872736a,
        type: 3}
      propertyPath: m_LocalScale.x
      value: 827.40137
      objectReference: {fileID: 0}
    - target: {fileID: -4216859302048453862, guid: 23c091b5f82784848920e1669872736a,
        type: 3}
      propertyPath: m_LocalScale.y
      value: 827.40137
      objectReference: {fileID: 0}
    - target: {fileID: -4216859302048453862, guid: 23c091b5f82784848920e1669872736a,
        type: 3}
      propertyPath: m_LocalScale.z
      value: 827.40137
      objectReference: {fileID: 0}
    - target: {fileID: -927199367670048503, guid: 23c091b5f82784848920e1669872736a,
        type: 3}
      propertyPath: m_Name
      value: RockC_SM (2)
      objectReference: {fileID: 0}
    m_RemovedComponents: []
  m_SourcePrefab: {fileID: 100100000, guid: 23c091b5f82784848920e1669872736a, type: 3}
--- !u!4 &2261275048760532709 stripped
Transform:
  m_CorrespondingSourceObject: {fileID: -4216859302048453862, guid: 23c091b5f82784848920e1669872736a,
    type: 3}
  m_PrefabInstance: {fileID: 6492815601328387583}
  m_PrefabAsset: {fileID: 0}
--- !u!1001 &7462539681092959340
PrefabInstance:
  m_ObjectHideFlags: 0
  serializedVersion: 2
  m_Modification:
    m_TransformParent: {fileID: 4134880262948325010}
    m_Modifications:
    - target: {fileID: -4216859302048453862, guid: 23c091b5f82784848920e1669872736a,
        type: 3}
      propertyPath: m_LocalPosition.x
      value: 4.164
      objectReference: {fileID: 0}
    - target: {fileID: -4216859302048453862, guid: 23c091b5f82784848920e1669872736a,
        type: 3}
      propertyPath: m_LocalPosition.y
      value: 0
      objectReference: {fileID: 0}
    - target: {fileID: -4216859302048453862, guid: 23c091b5f82784848920e1669872736a,
        type: 3}
      propertyPath: m_LocalPosition.z
      value: -0.92
      objectReference: {fileID: 0}
    - target: {fileID: -4216859302048453862, guid: 23c091b5f82784848920e1669872736a,
        type: 3}
      propertyPath: m_LocalRotation.x
      value: -0
      objectReference: {fileID: 0}
    - target: {fileID: -4216859302048453862, guid: 23c091b5f82784848920e1669872736a,
        type: 3}
      propertyPath: m_LocalRotation.y
      value: -0
      objectReference: {fileID: 0}
    - target: {fileID: -4216859302048453862, guid: 23c091b5f82784848920e1669872736a,
        type: 3}
      propertyPath: m_LocalRotation.z
      value: -0
      objectReference: {fileID: 0}
    - target: {fileID: -4216859302048453862, guid: 23c091b5f82784848920e1669872736a,
        type: 3}
      propertyPath: m_LocalRotation.w
      value: 1
      objectReference: {fileID: 0}
    - target: {fileID: -4216859302048453862, guid: 23c091b5f82784848920e1669872736a,
        type: 3}
      propertyPath: m_RootOrder
      value: 3
      objectReference: {fileID: 0}
    - target: {fileID: -4216859302048453862, guid: 23c091b5f82784848920e1669872736a,
        type: 3}
      propertyPath: m_LocalEulerAnglesHint.x
      value: 0
      objectReference: {fileID: 0}
    - target: {fileID: -4216859302048453862, guid: 23c091b5f82784848920e1669872736a,
        type: 3}
      propertyPath: m_LocalEulerAnglesHint.y
      value: 0
      objectReference: {fileID: 0}
    - target: {fileID: -4216859302048453862, guid: 23c091b5f82784848920e1669872736a,
        type: 3}
      propertyPath: m_LocalEulerAnglesHint.z
      value: 0
      objectReference: {fileID: 0}
    - target: {fileID: -4216859302048453862, guid: 23c091b5f82784848920e1669872736a,
        type: 3}
      propertyPath: m_LocalScale.x
      value: 827.40137
      objectReference: {fileID: 0}
    - target: {fileID: -4216859302048453862, guid: 23c091b5f82784848920e1669872736a,
        type: 3}
      propertyPath: m_LocalScale.y
      value: 827.40137
      objectReference: {fileID: 0}
    - target: {fileID: -4216859302048453862, guid: 23c091b5f82784848920e1669872736a,
        type: 3}
      propertyPath: m_LocalScale.z
      value: 827.40137
      objectReference: {fileID: 0}
    - target: {fileID: -927199367670048503, guid: 23c091b5f82784848920e1669872736a,
        type: 3}
      propertyPath: m_Name
      value: RockC_SM (1)
      objectReference: {fileID: 0}
    m_RemovedComponents: []
  m_SourcePrefab: {fileID: 100100000, guid: 23c091b5f82784848920e1669872736a, type: 3}
--- !u!4 &2516087790430902134 stripped
Transform:
  m_CorrespondingSourceObject: {fileID: -4216859302048453862, guid: 23c091b5f82784848920e1669872736a,
    type: 3}
  m_PrefabInstance: {fileID: 7462539681092959340}
  m_PrefabAsset: {fileID: 0}
